%YAML 1.1
%TAG !u! tag:unity3d.com,2011:
--- !u!29 &1
OcclusionCullingSettings:
  m_ObjectHideFlags: 0
  serializedVersion: 2
  m_OcclusionBakeSettings:
    smallestOccluder: 5
    smallestHole: 0.25
    backfaceThreshold: 100
  m_SceneGUID: 00000000000000000000000000000000
  m_OcclusionCullingData: {fileID: 0}
--- !u!104 &2
RenderSettings:
  m_ObjectHideFlags: 0
  serializedVersion: 9
  m_Fog: 0
  m_FogColor: {r: 0.5, g: 0.5, b: 0.5, a: 1}
  m_FogMode: 3
  m_FogDensity: 0.01
  m_LinearFogStart: 0
  m_LinearFogEnd: 300
  m_AmbientSkyColor: {r: 0.212, g: 0.227, b: 0.259, a: 1}
  m_AmbientEquatorColor: {r: 0.114, g: 0.125, b: 0.133, a: 1}
  m_AmbientGroundColor: {r: 0.047, g: 0.043, b: 0.035, a: 1}
  m_AmbientIntensity: 1
  m_AmbientMode: 3
  m_SubtractiveShadowColor: {r: 0.42, g: 0.478, b: 0.627, a: 1}
  m_SkyboxMaterial: {fileID: 0}
  m_HaloStrength: 0.5
  m_FlareStrength: 1
  m_FlareFadeSpeed: 3
  m_HaloTexture: {fileID: 0}
  m_SpotCookie: {fileID: 10001, guid: 0000000000000000e000000000000000, type: 0}
  m_DefaultReflectionMode: 0
  m_DefaultReflectionResolution: 128
  m_ReflectionBounces: 1
  m_ReflectionIntensity: 1
  m_CustomReflection: {fileID: 0}
  m_Sun: {fileID: 0}
  m_IndirectSpecularColor: {r: 0, g: 0, b: 0, a: 1}
  m_UseRadianceAmbientProbe: 0
--- !u!157 &3
LightmapSettings:
  m_ObjectHideFlags: 0
  serializedVersion: 11
  m_GIWorkflowMode: 1
  m_GISettings:
    serializedVersion: 2
    m_BounceScale: 1
    m_IndirectOutputScale: 1
    m_AlbedoBoost: 1
    m_EnvironmentLightingMode: 0
    m_EnableBakedLightmaps: 0
    m_EnableRealtimeLightmaps: 0
  m_LightmapEditorSettings:
    serializedVersion: 12
    m_Resolution: 2
    m_BakeResolution: 40
    m_AtlasSize: 1024
    m_AO: 0
    m_AOMaxDistance: 1
    m_CompAOExponent: 1
    m_CompAOExponentDirect: 0
    m_ExtractAmbientOcclusion: 0
    m_Padding: 2
    m_LightmapParameters: {fileID: 0}
    m_LightmapsBakeMode: 1
    m_TextureCompression: 1
    m_FinalGather: 0
    m_FinalGatherFiltering: 1
    m_FinalGatherRayCount: 256
    m_ReflectionCompression: 2
    m_MixedBakeMode: 2
    m_BakeBackend: 1
    m_PVRSampling: 1
    m_PVRDirectSampleCount: 32
    m_PVRSampleCount: 512
    m_PVRBounces: 2
    m_PVREnvironmentSampleCount: 256
    m_PVREnvironmentReferencePointCount: 2048
    m_PVRFilteringMode: 1
    m_PVRDenoiserTypeDirect: 1
    m_PVRDenoiserTypeIndirect: 1
    m_PVRDenoiserTypeAO: 1
    m_PVRFilterTypeDirect: 0
    m_PVRFilterTypeIndirect: 0
    m_PVRFilterTypeAO: 0
    m_PVREnvironmentMIS: 1
    m_PVRCulling: 1
    m_PVRFilteringGaussRadiusDirect: 1
    m_PVRFilteringGaussRadiusIndirect: 5
    m_PVRFilteringGaussRadiusAO: 2
    m_PVRFilteringAtrousPositionSigmaDirect: 0.5
    m_PVRFilteringAtrousPositionSigmaIndirect: 2
    m_PVRFilteringAtrousPositionSigmaAO: 1
    m_ExportTrainingData: 0
    m_TrainingDataDestination: TrainingData
  m_LightingDataAsset: {fileID: 0}
  m_UseShadowmask: 1
--- !u!196 &4
NavMeshSettings:
  serializedVersion: 2
  m_ObjectHideFlags: 0
  m_BuildSettings:
    serializedVersion: 2
    agentTypeID: 0
    agentRadius: 0.5
    agentHeight: 2
    agentSlope: 45
    agentClimb: 0.4
    ledgeDropHeight: 0
    maxJumpAcrossDistance: 0
    minRegionArea: 2
    manualCellSize: 0
    cellSize: 0.16666667
    manualTileSize: 0
    tileSize: 256
    accuratePlacement: 0
    debug:
      m_Flags: 0
  m_NavMeshData: {fileID: 0}
--- !u!1001 &390928861
PrefabInstance:
  m_ObjectHideFlags: 0
  serializedVersion: 2
  m_Modification:
    m_TransformParent: {fileID: 0}
    m_Modifications:
    - target: {fileID: 2798435660856445020, guid: 80c6364f52ddb454f9e065ed2c5041a8,
        type: 3}
      propertyPath: m_Name
      value: spaceship_back
      objectReference: {fileID: 0}
    - target: {fileID: 2798435660856445017, guid: 80c6364f52ddb454f9e065ed2c5041a8,
        type: 3}
      propertyPath: m_LocalPosition.x
      value: 53.05
      objectReference: {fileID: 0}
    - target: {fileID: 2798435660856445017, guid: 80c6364f52ddb454f9e065ed2c5041a8,
        type: 3}
      propertyPath: m_LocalPosition.y
      value: -10.44
      objectReference: {fileID: 0}
    - target: {fileID: 2798435660856445017, guid: 80c6364f52ddb454f9e065ed2c5041a8,
        type: 3}
      propertyPath: m_LocalPosition.z
      value: 0
      objectReference: {fileID: 0}
    - target: {fileID: 2798435660856445017, guid: 80c6364f52ddb454f9e065ed2c5041a8,
        type: 3}
      propertyPath: m_LocalRotation.x
      value: 0
      objectReference: {fileID: 0}
    - target: {fileID: 2798435660856445017, guid: 80c6364f52ddb454f9e065ed2c5041a8,
        type: 3}
      propertyPath: m_LocalRotation.y
      value: 0
      objectReference: {fileID: 0}
    - target: {fileID: 2798435660856445017, guid: 80c6364f52ddb454f9e065ed2c5041a8,
        type: 3}
      propertyPath: m_LocalRotation.z
      value: 0
      objectReference: {fileID: 0}
    - target: {fileID: 2798435660856445017, guid: 80c6364f52ddb454f9e065ed2c5041a8,
        type: 3}
      propertyPath: m_LocalRotation.w
      value: 1
      objectReference: {fileID: 0}
    - target: {fileID: 2798435660856445017, guid: 80c6364f52ddb454f9e065ed2c5041a8,
        type: 3}
      propertyPath: m_RootOrder
      value: 3
      objectReference: {fileID: 0}
    - target: {fileID: 2798435660856445017, guid: 80c6364f52ddb454f9e065ed2c5041a8,
        type: 3}
      propertyPath: m_LocalEulerAnglesHint.x
      value: 0
      objectReference: {fileID: 0}
    - target: {fileID: 2798435660856445017, guid: 80c6364f52ddb454f9e065ed2c5041a8,
        type: 3}
      propertyPath: m_LocalEulerAnglesHint.y
      value: 0
      objectReference: {fileID: 0}
    - target: {fileID: 2798435660856445017, guid: 80c6364f52ddb454f9e065ed2c5041a8,
        type: 3}
      propertyPath: m_LocalEulerAnglesHint.z
      value: 0
      objectReference: {fileID: 0}
    - target: {fileID: 2798435660856445021, guid: 80c6364f52ddb454f9e065ed2c5041a8,
        type: 3}
      propertyPath: level
      value: 4
      objectReference: {fileID: 0}
    m_RemovedComponents: []
  m_SourcePrefab: {fileID: 100100000, guid: 80c6364f52ddb454f9e065ed2c5041a8, type: 3}
--- !u!1 &390928862 stripped
GameObject:
  m_CorrespondingSourceObject: {fileID: 2798435660856445020, guid: 80c6364f52ddb454f9e065ed2c5041a8,
    type: 3}
  m_PrefabInstance: {fileID: 390928861}
  m_PrefabAsset: {fileID: 0}
--- !u!1001 &447850028
PrefabInstance:
  m_ObjectHideFlags: 0
  serializedVersion: 2
  m_Modification:
    m_TransformParent: {fileID: 0}
    m_Modifications:
    - target: {fileID: 9107555786145678919, guid: a6f4a1f6655237546b2d919b98ee6aeb,
        type: 3}
      propertyPath: m_Name
      value: leveldesing
      objectReference: {fileID: 0}
    - target: {fileID: 3875905336975921315, guid: a6f4a1f6655237546b2d919b98ee6aeb,
        type: 3}
      propertyPath: m_LocalPosition.x
      value: 22.8
      objectReference: {fileID: 0}
    - target: {fileID: 3875905336975921315, guid: a6f4a1f6655237546b2d919b98ee6aeb,
        type: 3}
      propertyPath: m_LocalPosition.y
      value: -6.83
      objectReference: {fileID: 0}
    - target: {fileID: 3875905336975921315, guid: a6f4a1f6655237546b2d919b98ee6aeb,
        type: 3}
      propertyPath: m_LocalPosition.z
      value: -4.2265625
      objectReference: {fileID: 0}
    - target: {fileID: 3875905336975921315, guid: a6f4a1f6655237546b2d919b98ee6aeb,
        type: 3}
      propertyPath: m_LocalRotation.x
      value: 0
      objectReference: {fileID: 0}
    - target: {fileID: 3875905336975921315, guid: a6f4a1f6655237546b2d919b98ee6aeb,
        type: 3}
      propertyPath: m_LocalRotation.y
      value: 0
      objectReference: {fileID: 0}
    - target: {fileID: 3875905336975921315, guid: a6f4a1f6655237546b2d919b98ee6aeb,
        type: 3}
      propertyPath: m_LocalRotation.z
      value: 0
      objectReference: {fileID: 0}
    - target: {fileID: 3875905336975921315, guid: a6f4a1f6655237546b2d919b98ee6aeb,
        type: 3}
      propertyPath: m_LocalRotation.w
      value: 1
      objectReference: {fileID: 0}
    - target: {fileID: 3875905336975921315, guid: a6f4a1f6655237546b2d919b98ee6aeb,
        type: 3}
      propertyPath: m_RootOrder
      value: 5
      objectReference: {fileID: 0}
    - target: {fileID: 3875905336975921315, guid: a6f4a1f6655237546b2d919b98ee6aeb,
        type: 3}
      propertyPath: m_LocalEulerAnglesHint.x
      value: 0
      objectReference: {fileID: 0}
    - target: {fileID: 3875905336975921315, guid: a6f4a1f6655237546b2d919b98ee6aeb,
        type: 3}
      propertyPath: m_LocalEulerAnglesHint.y
      value: 0
      objectReference: {fileID: 0}
    - target: {fileID: 3875905336975921315, guid: a6f4a1f6655237546b2d919b98ee6aeb,
        type: 3}
      propertyPath: m_LocalEulerAnglesHint.z
      value: 0
      objectReference: {fileID: 0}
    - target: {fileID: 1560214445916380391, guid: a6f4a1f6655237546b2d919b98ee6aeb,
        type: 3}
      propertyPath: m_Name
      value: background
      objectReference: {fileID: 0}
    m_RemovedComponents: []
  m_SourcePrefab: {fileID: 100100000, guid: a6f4a1f6655237546b2d919b98ee6aeb, type: 3}
--- !u!1 &506048480 stripped
GameObject:
  m_CorrespondingSourceObject: {fileID: 8158552555416864774, guid: bda6990285c80f94aa2f5f0355c7ee0e,
    type: 3}
  m_PrefabInstance: {fileID: 1454615927}
  m_PrefabAsset: {fileID: 0}
--- !u!1001 &578730972
PrefabInstance:
  m_ObjectHideFlags: 0
  serializedVersion: 2
  m_Modification:
    m_TransformParent: {fileID: 0}
    m_Modifications:
    - target: {fileID: 3786426539851549485, guid: c37c8437c38ef0349995abfd4410acbf,
        type: 3}
      propertyPath: m_Name
      value: enemy (1)
      objectReference: {fileID: 0}
    - target: {fileID: 3786426539851549907, guid: c37c8437c38ef0349995abfd4410acbf,
        type: 3}
      propertyPath: m_LocalPosition.x
      value: 17.16
      objectReference: {fileID: 0}
    - target: {fileID: 3786426539851549907, guid: c37c8437c38ef0349995abfd4410acbf,
        type: 3}
      propertyPath: m_LocalPosition.y
      value: -0.55
      objectReference: {fileID: 0}
    - target: {fileID: 3786426539851549907, guid: c37c8437c38ef0349995abfd4410acbf,
        type: 3}
      propertyPath: m_LocalPosition.z
      value: 0
      objectReference: {fileID: 0}
    - target: {fileID: 3786426539851549907, guid: c37c8437c38ef0349995abfd4410acbf,
        type: 3}
      propertyPath: m_LocalRotation.x
      value: 0
      objectReference: {fileID: 0}
    - target: {fileID: 3786426539851549907, guid: c37c8437c38ef0349995abfd4410acbf,
        type: 3}
      propertyPath: m_LocalRotation.y
      value: 0
      objectReference: {fileID: 0}
    - target: {fileID: 3786426539851549907, guid: c37c8437c38ef0349995abfd4410acbf,
        type: 3}
      propertyPath: m_LocalRotation.z
      value: 0
      objectReference: {fileID: 0}
    - target: {fileID: 3786426539851549907, guid: c37c8437c38ef0349995abfd4410acbf,
        type: 3}
      propertyPath: m_LocalRotation.w
      value: 1
      objectReference: {fileID: 0}
    - target: {fileID: 3786426539851549907, guid: c37c8437c38ef0349995abfd4410acbf,
        type: 3}
      propertyPath: m_RootOrder
      value: 7
      objectReference: {fileID: 0}
    - target: {fileID: 3786426539851549907, guid: c37c8437c38ef0349995abfd4410acbf,
        type: 3}
      propertyPath: m_LocalEulerAnglesHint.x
      value: 0
      objectReference: {fileID: 0}
    - target: {fileID: 3786426539851549907, guid: c37c8437c38ef0349995abfd4410acbf,
        type: 3}
      propertyPath: m_LocalEulerAnglesHint.y
      value: 0
      objectReference: {fileID: 0}
    - target: {fileID: 3786426539851549907, guid: c37c8437c38ef0349995abfd4410acbf,
        type: 3}
      propertyPath: m_LocalEulerAnglesHint.z
      value: 0
      objectReference: {fileID: 0}
    - target: {fileID: 3786426539851549907, guid: c37c8437c38ef0349995abfd4410acbf,
        type: 3}
      propertyPath: m_LocalScale.x
      value: 0.1585645
      objectReference: {fileID: 0}
    - target: {fileID: 3786426539851549907, guid: c37c8437c38ef0349995abfd4410acbf,
        type: 3}
      propertyPath: m_LocalScale.y
      value: 0.17142108
      objectReference: {fileID: 0}
    - target: {fileID: 3786426539851549907, guid: c37c8437c38ef0349995abfd4410acbf,
        type: 3}
      propertyPath: m_LocalScale.z
      value: 0.17142108
      objectReference: {fileID: 0}
    - target: {fileID: 3786426539851549484, guid: c37c8437c38ef0349995abfd4410acbf,
        type: 3}
      propertyPath: m_FlipX
      value: 1
      objectReference: {fileID: 0}
    - target: {fileID: 3786426539851549484, guid: c37c8437c38ef0349995abfd4410acbf,
        type: 3}
      propertyPath: m_Sprite
      value: 
      objectReference: {fileID: 21300000, guid: 48043ebb761d9484bbc1f73ff09467ae,
        type: 3}
    - target: {fileID: 3786426539851549906, guid: c37c8437c38ef0349995abfd4410acbf,
        type: 3}
      propertyPath: m_SpriteTilingProperty.oldSize.x
      value: 9.34
      objectReference: {fileID: 0}
    - target: {fileID: 3786426539851549906, guid: c37c8437c38ef0349995abfd4410acbf,
        type: 3}
      propertyPath: m_SpriteTilingProperty.oldSize.y
      value: 6.41
      objectReference: {fileID: 0}
    - target: {fileID: 3786426539851549904, guid: c37c8437c38ef0349995abfd4410acbf,
        type: 3}
      propertyPath: vida
      value: 
      objectReference: {fileID: 1652486633}
    - target: {fileID: 3786426539851549904, guid: c37c8437c38ef0349995abfd4410acbf,
        type: 3}
      propertyPath: vida1
      value: 
      objectReference: {fileID: 1532321403}
    - target: {fileID: 3786426539851549904, guid: c37c8437c38ef0349995abfd4410acbf,
        type: 3}
      propertyPath: vida2
      value: 
      objectReference: {fileID: 506048480}
    - target: {fileID: 3786426539851549904, guid: c37c8437c38ef0349995abfd4410acbf,
        type: 3}
      propertyPath: x_main
      value: -8.58
      objectReference: {fileID: 0}
    - target: {fileID: 3786426539851549904, guid: c37c8437c38ef0349995abfd4410acbf,
        type: 3}
      propertyPath: y_main
      value: -2.55
      objectReference: {fileID: 0}
    - target: {fileID: 3786426539851549911, guid: c37c8437c38ef0349995abfd4410acbf,
        type: 3}
      propertyPath: m_Controller
      value: 
      objectReference: {fileID: 9100000, guid: b5da3f72c92b1e34a98d9d1611ae9dc3, type: 2}
    m_RemovedComponents: []
  m_SourcePrefab: {fileID: 100100000, guid: c37c8437c38ef0349995abfd4410acbf, type: 3}
--- !u!1001 &593405675
PrefabInstance:
  m_ObjectHideFlags: 0
  serializedVersion: 2
  m_Modification:
    m_TransformParent: {fileID: 0}
    m_Modifications:
    - target: {fileID: 3786426539851549485, guid: c37c8437c38ef0349995abfd4410acbf,
        type: 3}
      propertyPath: m_Name
      value: enemy
      objectReference: {fileID: 0}
    - target: {fileID: 3786426539851549907, guid: c37c8437c38ef0349995abfd4410acbf,
        type: 3}
      propertyPath: m_LocalPosition.x
      value: 8.88
      objectReference: {fileID: 0}
    - target: {fileID: 3786426539851549907, guid: c37c8437c38ef0349995abfd4410acbf,
        type: 3}
      propertyPath: m_LocalPosition.y
      value: -2.53
      objectReference: {fileID: 0}
    - target: {fileID: 3786426539851549907, guid: c37c8437c38ef0349995abfd4410acbf,
        type: 3}
      propertyPath: m_LocalPosition.z
      value: 0
      objectReference: {fileID: 0}
    - target: {fileID: 3786426539851549907, guid: c37c8437c38ef0349995abfd4410acbf,
        type: 3}
      propertyPath: m_LocalRotation.x
      value: 0
      objectReference: {fileID: 0}
    - target: {fileID: 3786426539851549907, guid: c37c8437c38ef0349995abfd4410acbf,
        type: 3}
      propertyPath: m_LocalRotation.y
      value: 0
      objectReference: {fileID: 0}
    - target: {fileID: 3786426539851549907, guid: c37c8437c38ef0349995abfd4410acbf,
        type: 3}
      propertyPath: m_LocalRotation.z
      value: 0
      objectReference: {fileID: 0}
    - target: {fileID: 3786426539851549907, guid: c37c8437c38ef0349995abfd4410acbf,
        type: 3}
      propertyPath: m_LocalRotation.w
      value: 1
      objectReference: {fileID: 0}
    - target: {fileID: 3786426539851549907, guid: c37c8437c38ef0349995abfd4410acbf,
        type: 3}
      propertyPath: m_RootOrder
      value: 2
      objectReference: {fileID: 0}
    - target: {fileID: 3786426539851549907, guid: c37c8437c38ef0349995abfd4410acbf,
        type: 3}
      propertyPath: m_LocalEulerAnglesHint.x
      value: 0
      objectReference: {fileID: 0}
    - target: {fileID: 3786426539851549907, guid: c37c8437c38ef0349995abfd4410acbf,
        type: 3}
      propertyPath: m_LocalEulerAnglesHint.y
      value: 0
      objectReference: {fileID: 0}
    - target: {fileID: 3786426539851549907, guid: c37c8437c38ef0349995abfd4410acbf,
        type: 3}
      propertyPath: m_LocalEulerAnglesHint.z
      value: 0
      objectReference: {fileID: 0}
    - target: {fileID: 3786426539851549907, guid: c37c8437c38ef0349995abfd4410acbf,
        type: 3}
      propertyPath: m_LocalScale.x
      value: 0.1585645
      objectReference: {fileID: 0}
    - target: {fileID: 3786426539851549907, guid: c37c8437c38ef0349995abfd4410acbf,
        type: 3}
      propertyPath: m_LocalScale.y
      value: 0.17142108
      objectReference: {fileID: 0}
    - target: {fileID: 3786426539851549907, guid: c37c8437c38ef0349995abfd4410acbf,
        type: 3}
      propertyPath: m_LocalScale.z
      value: 0.17142108
      objectReference: {fileID: 0}
    - target: {fileID: 3786426539851549484, guid: c37c8437c38ef0349995abfd4410acbf,
        type: 3}
      propertyPath: m_FlipX
      value: 1
      objectReference: {fileID: 0}
    - target: {fileID: 3786426539851549484, guid: c37c8437c38ef0349995abfd4410acbf,
        type: 3}
      propertyPath: m_Sprite
      value: 
      objectReference: {fileID: 21300000, guid: 48043ebb761d9484bbc1f73ff09467ae,
        type: 3}
    - target: {fileID: 3786426539851549904, guid: c37c8437c38ef0349995abfd4410acbf,
        type: 3}
      propertyPath: vida
      value: 
      objectReference: {fileID: 1652486633}
    - target: {fileID: 3786426539851549904, guid: c37c8437c38ef0349995abfd4410acbf,
        type: 3}
      propertyPath: vida1
      value: 
      objectReference: {fileID: 1532321403}
    - target: {fileID: 3786426539851549904, guid: c37c8437c38ef0349995abfd4410acbf,
        type: 3}
      propertyPath: vida2
      value: 
      objectReference: {fileID: 506048480}
    - target: {fileID: 3786426539851549904, guid: c37c8437c38ef0349995abfd4410acbf,
        type: 3}
      propertyPath: x_main
      value: -8.58
      objectReference: {fileID: 0}
    - target: {fileID: 3786426539851549904, guid: c37c8437c38ef0349995abfd4410acbf,
        type: 3}
      propertyPath: y_main
      value: -2.55
      objectReference: {fileID: 0}
    - target: {fileID: 3786426539851549911, guid: c37c8437c38ef0349995abfd4410acbf,
        type: 3}
      propertyPath: m_Controller
      value: 
      objectReference: {fileID: 9100000, guid: b5da3f72c92b1e34a98d9d1611ae9dc3, type: 2}
    m_RemovedComponents: []
  m_SourcePrefab: {fileID: 100100000, guid: c37c8437c38ef0349995abfd4410acbf, type: 3}
--- !u!1001 &618623291
PrefabInstance:
  m_ObjectHideFlags: 0
  serializedVersion: 2
  m_Modification:
    m_TransformParent: {fileID: 0}
    m_Modifications:
    - target: {fileID: 3786426539851549485, guid: c37c8437c38ef0349995abfd4410acbf,
        type: 3}
      propertyPath: m_Name
      value: enemy (2)
      objectReference: {fileID: 0}
    - target: {fileID: 3786426539851549907, guid: c37c8437c38ef0349995abfd4410acbf,
        type: 3}
      propertyPath: m_LocalPosition.x
      value: 23.44
      objectReference: {fileID: 0}
    - target: {fileID: 3786426539851549907, guid: c37c8437c38ef0349995abfd4410acbf,
        type: 3}
      propertyPath: m_LocalPosition.y
      value: -0.53
      objectReference: {fileID: 0}
    - target: {fileID: 3786426539851549907, guid: c37c8437c38ef0349995abfd4410acbf,
        type: 3}
      propertyPath: m_LocalPosition.z
      value: 0
      objectReference: {fileID: 0}
    - target: {fileID: 3786426539851549907, guid: c37c8437c38ef0349995abfd4410acbf,
        type: 3}
      propertyPath: m_LocalRotation.x
      value: 0
      objectReference: {fileID: 0}
    - target: {fileID: 3786426539851549907, guid: c37c8437c38ef0349995abfd4410acbf,
        type: 3}
      propertyPath: m_LocalRotation.y
      value: 0
      objectReference: {fileID: 0}
    - target: {fileID: 3786426539851549907, guid: c37c8437c38ef0349995abfd4410acbf,
        type: 3}
      propertyPath: m_LocalRotation.z
      value: 0
      objectReference: {fileID: 0}
    - target: {fileID: 3786426539851549907, guid: c37c8437c38ef0349995abfd4410acbf,
        type: 3}
      propertyPath: m_LocalRotation.w
      value: 1
      objectReference: {fileID: 0}
    - target: {fileID: 3786426539851549907, guid: c37c8437c38ef0349995abfd4410acbf,
        type: 3}
      propertyPath: m_RootOrder
      value: 8
      objectReference: {fileID: 0}
    - target: {fileID: 3786426539851549907, guid: c37c8437c38ef0349995abfd4410acbf,
        type: 3}
      propertyPath: m_LocalEulerAnglesHint.x
      value: 0
      objectReference: {fileID: 0}
    - target: {fileID: 3786426539851549907, guid: c37c8437c38ef0349995abfd4410acbf,
        type: 3}
      propertyPath: m_LocalEulerAnglesHint.y
      value: 0
      objectReference: {fileID: 0}
    - target: {fileID: 3786426539851549907, guid: c37c8437c38ef0349995abfd4410acbf,
        type: 3}
      propertyPath: m_LocalEulerAnglesHint.z
      value: 0
      objectReference: {fileID: 0}
    - target: {fileID: 3786426539851549907, guid: c37c8437c38ef0349995abfd4410acbf,
        type: 3}
      propertyPath: m_LocalScale.x
      value: 0.1585645
      objectReference: {fileID: 0}
    - target: {fileID: 3786426539851549907, guid: c37c8437c38ef0349995abfd4410acbf,
        type: 3}
      propertyPath: m_LocalScale.y
      value: 0.17142108
      objectReference: {fileID: 0}
    - target: {fileID: 3786426539851549907, guid: c37c8437c38ef0349995abfd4410acbf,
        type: 3}
      propertyPath: m_LocalScale.z
      value: 0.17142108
      objectReference: {fileID: 0}
    - target: {fileID: 3786426539851549484, guid: c37c8437c38ef0349995abfd4410acbf,
        type: 3}
      propertyPath: m_FlipX
      value: 1
      objectReference: {fileID: 0}
    - target: {fileID: 3786426539851549484, guid: c37c8437c38ef0349995abfd4410acbf,
        type: 3}
      propertyPath: m_Sprite
      value: 
      objectReference: {fileID: 21300000, guid: 48043ebb761d9484bbc1f73ff09467ae,
        type: 3}
    - target: {fileID: 3786426539851549906, guid: c37c8437c38ef0349995abfd4410acbf,
        type: 3}
      propertyPath: m_SpriteTilingProperty.oldSize.x
      value: 9.34
      objectReference: {fileID: 0}
    - target: {fileID: 3786426539851549906, guid: c37c8437c38ef0349995abfd4410acbf,
        type: 3}
      propertyPath: m_SpriteTilingProperty.oldSize.y
      value: 6.41
      objectReference: {fileID: 0}
    - target: {fileID: 3786426539851549904, guid: c37c8437c38ef0349995abfd4410acbf,
        type: 3}
      propertyPath: vida
      value: 
      objectReference: {fileID: 1652486633}
    - target: {fileID: 3786426539851549904, guid: c37c8437c38ef0349995abfd4410acbf,
        type: 3}
      propertyPath: vida1
      value: 
      objectReference: {fileID: 1532321403}
    - target: {fileID: 3786426539851549904, guid: c37c8437c38ef0349995abfd4410acbf,
        type: 3}
      propertyPath: vida2
      value: 
      objectReference: {fileID: 506048480}
    - target: {fileID: 3786426539851549904, guid: c37c8437c38ef0349995abfd4410acbf,
        type: 3}
      propertyPath: x_main
      value: -8.58
      objectReference: {fileID: 0}
    - target: {fileID: 3786426539851549904, guid: c37c8437c38ef0349995abfd4410acbf,
        type: 3}
      propertyPath: y_main
      value: -2.55
      objectReference: {fileID: 0}
    - target: {fileID: 3786426539851549911, guid: c37c8437c38ef0349995abfd4410acbf,
        type: 3}
      propertyPath: m_Controller
      value: 
      objectReference: {fileID: 9100000, guid: b5da3f72c92b1e34a98d9d1611ae9dc3, type: 2}
    m_RemovedComponents: []
  m_SourcePrefab: {fileID: 100100000, guid: c37c8437c38ef0349995abfd4410acbf, type: 3}
--- !u!1001 &657426411
PrefabInstance:
  m_ObjectHideFlags: 0
  serializedVersion: 2
  m_Modification:
    m_TransformParent: {fileID: 0}
    m_Modifications:
    - target: {fileID: 2941576051512644696, guid: a5c939ca191eed144ac939a29685b6d3,
        type: 3}
      propertyPath: m_Name
      value: character
      objectReference: {fileID: 0}
    - target: {fileID: 4998569848816867277, guid: a5c939ca191eed144ac939a29685b6d3,
        type: 3}
      propertyPath: m_LocalPosition.x
      value: -8.58
      objectReference: {fileID: 0}
    - target: {fileID: 4998569848816867277, guid: a5c939ca191eed144ac939a29685b6d3,
        type: 3}
      propertyPath: m_LocalPosition.y
      value: -2.55
      objectReference: {fileID: 0}
    - target: {fileID: 4998569848816867277, guid: a5c939ca191eed144ac939a29685b6d3,
        type: 3}
      propertyPath: m_LocalPosition.z
      value: 0
      objectReference: {fileID: 0}
    - target: {fileID: 4998569848816867277, guid: a5c939ca191eed144ac939a29685b6d3,
        type: 3}
      propertyPath: m_LocalRotation.x
      value: 0
      objectReference: {fileID: 0}
    - target: {fileID: 4998569848816867277, guid: a5c939ca191eed144ac939a29685b6d3,
        type: 3}
      propertyPath: m_LocalRotation.y
      value: 0
      objectReference: {fileID: 0}
    - target: {fileID: 4998569848816867277, guid: a5c939ca191eed144ac939a29685b6d3,
        type: 3}
      propertyPath: m_LocalRotation.z
      value: 0
      objectReference: {fileID: 0}
    - target: {fileID: 4998569848816867277, guid: a5c939ca191eed144ac939a29685b6d3,
        type: 3}
      propertyPath: m_LocalRotation.w
      value: 1
      objectReference: {fileID: 0}
    - target: {fileID: 4998569848816867277, guid: a5c939ca191eed144ac939a29685b6d3,
        type: 3}
      propertyPath: m_RootOrder
      value: 1
      objectReference: {fileID: 0}
    - target: {fileID: 4998569848816867277, guid: a5c939ca191eed144ac939a29685b6d3,
        type: 3}
      propertyPath: m_LocalEulerAnglesHint.x
      value: 0
      objectReference: {fileID: 0}
    - target: {fileID: 4998569848816867277, guid: a5c939ca191eed144ac939a29685b6d3,
        type: 3}
      propertyPath: m_LocalEulerAnglesHint.y
      value: 0
      objectReference: {fileID: 0}
    - target: {fileID: 4998569848816867277, guid: a5c939ca191eed144ac939a29685b6d3,
        type: 3}
      propertyPath: m_LocalEulerAnglesHint.z
      value: 0
      objectReference: {fileID: 0}
    - target: {fileID: 2941576051512644697, guid: a5c939ca191eed144ac939a29685b6d3,
        type: 3}
      propertyPath: vida
      value: 
      objectReference: {fileID: 1652486633}
    - target: {fileID: 2941576051512644697, guid: a5c939ca191eed144ac939a29685b6d3,
        type: 3}
      propertyPath: vida1
      value: 
      objectReference: {fileID: 1532321403}
    - target: {fileID: 2941576051512644697, guid: a5c939ca191eed144ac939a29685b6d3,
        type: 3}
      propertyPath: vida2
      value: 
      objectReference: {fileID: 506048480}
    - target: {fileID: 2941576051512644697, guid: a5c939ca191eed144ac939a29685b6d3,
        type: 3}
      propertyPath: x_inici
      value: -8.58
      objectReference: {fileID: 0}
    - target: {fileID: 2941576051512644697, guid: a5c939ca191eed144ac939a29685b6d3,
        type: 3}
      propertyPath: y_inic
      value: -2.55
      objectReference: {fileID: 0}
    - target: {fileID: 2941576051512644697, guid: a5c939ca191eed144ac939a29685b6d3,
        type: 3}
      propertyPath: y_mort
      value: -16
      objectReference: {fileID: 0}
    m_RemovedComponents: []
  m_SourcePrefab: {fileID: 100100000, guid: a5c939ca191eed144ac939a29685b6d3, type: 3}
--- !u!1 &657426412 stripped
GameObject:
  m_CorrespondingSourceObject: {fileID: 2941576051512644696, guid: a5c939ca191eed144ac939a29685b6d3,
    type: 3}
  m_PrefabInstance: {fileID: 657426411}
  m_PrefabAsset: {fileID: 0}
--- !u!1001 &803516145
PrefabInstance:
  m_ObjectHideFlags: 0
  serializedVersion: 2
  m_Modification:
    m_TransformParent: {fileID: 0}
    m_Modifications:
    - target: {fileID: 3786426539851549485, guid: c37c8437c38ef0349995abfd4410acbf,
        type: 3}
      propertyPath: m_Name
      value: enemy (4)
      objectReference: {fileID: 0}
    - target: {fileID: 3786426539851549907, guid: c37c8437c38ef0349995abfd4410acbf,
        type: 3}
      propertyPath: m_LocalPosition.x
      value: 31.11
      objectReference: {fileID: 0}
    - target: {fileID: 3786426539851549907, guid: c37c8437c38ef0349995abfd4410acbf,
        type: 3}
      propertyPath: m_LocalPosition.y
      value: -6.54
      objectReference: {fileID: 0}
    - target: {fileID: 3786426539851549907, guid: c37c8437c38ef0349995abfd4410acbf,
        type: 3}
      propertyPath: m_LocalPosition.z
      value: 0
      objectReference: {fileID: 0}
    - target: {fileID: 3786426539851549907, guid: c37c8437c38ef0349995abfd4410acbf,
        type: 3}
      propertyPath: m_LocalRotation.x
      value: 0
      objectReference: {fileID: 0}
    - target: {fileID: 3786426539851549907, guid: c37c8437c38ef0349995abfd4410acbf,
        type: 3}
      propertyPath: m_LocalRotation.y
      value: 0
      objectReference: {fileID: 0}
    - target: {fileID: 3786426539851549907, guid: c37c8437c38ef0349995abfd4410acbf,
        type: 3}
      propertyPath: m_LocalRotation.z
      value: 0
      objectReference: {fileID: 0}
    - target: {fileID: 3786426539851549907, guid: c37c8437c38ef0349995abfd4410acbf,
        type: 3}
      propertyPath: m_LocalRotation.w
      value: 1
      objectReference: {fileID: 0}
    - target: {fileID: 3786426539851549907, guid: c37c8437c38ef0349995abfd4410acbf,
        type: 3}
      propertyPath: m_RootOrder
      value: 10
      objectReference: {fileID: 0}
    - target: {fileID: 3786426539851549907, guid: c37c8437c38ef0349995abfd4410acbf,
        type: 3}
      propertyPath: m_LocalEulerAnglesHint.x
      value: 0
      objectReference: {fileID: 0}
    - target: {fileID: 3786426539851549907, guid: c37c8437c38ef0349995abfd4410acbf,
        type: 3}
      propertyPath: m_LocalEulerAnglesHint.y
      value: 0
      objectReference: {fileID: 0}
    - target: {fileID: 3786426539851549907, guid: c37c8437c38ef0349995abfd4410acbf,
        type: 3}
      propertyPath: m_LocalEulerAnglesHint.z
      value: 0
      objectReference: {fileID: 0}
    - target: {fileID: 3786426539851549907, guid: c37c8437c38ef0349995abfd4410acbf,
        type: 3}
      propertyPath: m_LocalScale.x
      value: 0.1585645
      objectReference: {fileID: 0}
    - target: {fileID: 3786426539851549907, guid: c37c8437c38ef0349995abfd4410acbf,
        type: 3}
      propertyPath: m_LocalScale.y
      value: 0.17142108
      objectReference: {fileID: 0}
    - target: {fileID: 3786426539851549907, guid: c37c8437c38ef0349995abfd4410acbf,
        type: 3}
      propertyPath: m_LocalScale.z
      value: 0.17142108
      objectReference: {fileID: 0}
    - target: {fileID: 3786426539851549484, guid: c37c8437c38ef0349995abfd4410acbf,
        type: 3}
      propertyPath: m_FlipX
      value: 1
      objectReference: {fileID: 0}
    - target: {fileID: 3786426539851549484, guid: c37c8437c38ef0349995abfd4410acbf,
        type: 3}
      propertyPath: m_Sprite
      value: 
      objectReference: {fileID: 21300000, guid: 48043ebb761d9484bbc1f73ff09467ae,
        type: 3}
    - target: {fileID: 3786426539851549906, guid: c37c8437c38ef0349995abfd4410acbf,
        type: 3}
      propertyPath: m_SpriteTilingProperty.oldSize.x
      value: 9.34
      objectReference: {fileID: 0}
    - target: {fileID: 3786426539851549906, guid: c37c8437c38ef0349995abfd4410acbf,
        type: 3}
      propertyPath: m_SpriteTilingProperty.oldSize.y
      value: 6.41
      objectReference: {fileID: 0}
    - target: {fileID: 3786426539851549904, guid: c37c8437c38ef0349995abfd4410acbf,
        type: 3}
      propertyPath: vida
      value: 
      objectReference: {fileID: 1652486633}
    - target: {fileID: 3786426539851549904, guid: c37c8437c38ef0349995abfd4410acbf,
        type: 3}
      propertyPath: vida1
      value: 
      objectReference: {fileID: 1532321403}
    - target: {fileID: 3786426539851549904, guid: c37c8437c38ef0349995abfd4410acbf,
        type: 3}
      propertyPath: vida2
      value: 
      objectReference: {fileID: 506048480}
    - target: {fileID: 3786426539851549904, guid: c37c8437c38ef0349995abfd4410acbf,
        type: 3}
      propertyPath: x_main
      value: -8.58
      objectReference: {fileID: 0}
    - target: {fileID: 3786426539851549904, guid: c37c8437c38ef0349995abfd4410acbf,
        type: 3}
      propertyPath: y_main
      value: -2.55
      objectReference: {fileID: 0}
    - target: {fileID: 3786426539851549911, guid: c37c8437c38ef0349995abfd4410acbf,
        type: 3}
      propertyPath: m_Controller
      value: 
      objectReference: {fileID: 9100000, guid: b5da3f72c92b1e34a98d9d1611ae9dc3, type: 2}
    m_RemovedComponents: []
  m_SourcePrefab: {fileID: 100100000, guid: c37c8437c38ef0349995abfd4410acbf, type: 3}
--- !u!1001 &1454615927
PrefabInstance:
  m_ObjectHideFlags: 0
  serializedVersion: 2
  m_Modification:
    m_TransformParent: {fileID: 0}
    m_Modifications:
    - target: {fileID: 8158552554586745182, guid: bda6990285c80f94aa2f5f0355c7ee0e,
        type: 3}
      propertyPath: m_Name
      value: Main Camera
      objectReference: {fileID: 0}
    - target: {fileID: 8158552554586745250, guid: bda6990285c80f94aa2f5f0355c7ee0e,
        type: 3}
      propertyPath: m_LocalPosition.x
      value: -7.94
      objectReference: {fileID: 0}
    - target: {fileID: 8158552554586745250, guid: bda6990285c80f94aa2f5f0355c7ee0e,
        type: 3}
      propertyPath: m_LocalPosition.y
      value: -1.78
      objectReference: {fileID: 0}
    - target: {fileID: 8158552554586745250, guid: bda6990285c80f94aa2f5f0355c7ee0e,
        type: 3}
      propertyPath: m_LocalPosition.z
      value: -10
      objectReference: {fileID: 0}
    - target: {fileID: 8158552554586745250, guid: bda6990285c80f94aa2f5f0355c7ee0e,
        type: 3}
      propertyPath: m_LocalRotation.x
      value: 0
      objectReference: {fileID: 0}
    - target: {fileID: 8158552554586745250, guid: bda6990285c80f94aa2f5f0355c7ee0e,
        type: 3}
      propertyPath: m_LocalRotation.y
      value: 0
      objectReference: {fileID: 0}
    - target: {fileID: 8158552554586745250, guid: bda6990285c80f94aa2f5f0355c7ee0e,
        type: 3}
      propertyPath: m_LocalRotation.z
      value: 0
      objectReference: {fileID: 0}
    - target: {fileID: 8158552554586745250, guid: bda6990285c80f94aa2f5f0355c7ee0e,
        type: 3}
      propertyPath: m_LocalRotation.w
      value: 1
      objectReference: {fileID: 0}
    - target: {fileID: 8158552554586745250, guid: bda6990285c80f94aa2f5f0355c7ee0e,
        type: 3}
      propertyPath: m_RootOrder
      value: 6
      objectReference: {fileID: 0}
    - target: {fileID: 8158552554586745250, guid: bda6990285c80f94aa2f5f0355c7ee0e,
        type: 3}
      propertyPath: m_LocalEulerAnglesHint.x
      value: 0
      objectReference: {fileID: 0}
    - target: {fileID: 8158552554586745250, guid: bda6990285c80f94aa2f5f0355c7ee0e,
        type: 3}
      propertyPath: m_LocalEulerAnglesHint.y
      value: 0
      objectReference: {fileID: 0}
    - target: {fileID: 8158552554586745250, guid: bda6990285c80f94aa2f5f0355c7ee0e,
        type: 3}
      propertyPath: m_LocalEulerAnglesHint.z
      value: 0
      objectReference: {fileID: 0}
    - target: {fileID: 8158552554586745181, guid: bda6990285c80f94aa2f5f0355c7ee0e,
        type: 3}
      propertyPath: m_BackGroundColor.r
      value: 0.5943396
      objectReference: {fileID: 0}
    - target: {fileID: 8158552554586745181, guid: bda6990285c80f94aa2f5f0355c7ee0e,
        type: 3}
      propertyPath: m_BackGroundColor.g
      value: 0.5943396
      objectReference: {fileID: 0}
    - target: {fileID: 8158552554586745181, guid: bda6990285c80f94aa2f5f0355c7ee0e,
        type: 3}
      propertyPath: m_BackGroundColor.b
      value: 0.5943396
      objectReference: {fileID: 0}
    - target: {fileID: 8158552554586745180, guid: bda6990285c80f94aa2f5f0355c7ee0e,
        type: 3}
      propertyPath: player
      value: 
      objectReference: {fileID: 657426412}
    - target: {fileID: 8158552554586745180, guid: bda6990285c80f94aa2f5f0355c7ee0e,
        type: 3}
      propertyPath: limity1
      value: -20
      objectReference: {fileID: 0}
    - target: {fileID: 8158552554586745180, guid: bda6990285c80f94aa2f5f0355c7ee0e,
        type: 3}
      propertyPath: limity2
      value: 8.459044
      objectReference: {fileID: 0}
    - target: {fileID: 8158552554586745180, guid: bda6990285c80f94aa2f5f0355c7ee0e,
        type: 3}
      propertyPath: limix
      value: -1000
      objectReference: {fileID: 0}
    m_RemovedComponents: []
  m_SourcePrefab: {fileID: 100100000, guid: bda6990285c80f94aa2f5f0355c7ee0e, type: 3}
--- !u!1 &1532321403 stripped
GameObject:
  m_CorrespondingSourceObject: {fileID: 8158552555117441022, guid: bda6990285c80f94aa2f5f0355c7ee0e,
    type: 3}
  m_PrefabInstance: {fileID: 1454615927}
  m_PrefabAsset: {fileID: 0}
--- !u!1001 &1581820392
PrefabInstance:
  m_ObjectHideFlags: 0
  serializedVersion: 2
  m_Modification:
    m_TransformParent: {fileID: 0}
    m_Modifications:
    - target: {fileID: 772128824347276057, guid: 993262281b2bf724eb5f3f8af89fe2ff,
        type: 3}
      propertyPath: m_Name
      value: fuel
      objectReference: {fileID: 0}
    - target: {fileID: 772128824347276059, guid: 993262281b2bf724eb5f3f8af89fe2ff,
        type: 3}
      propertyPath: m_LocalPosition.x
      value: 16.22
      objectReference: {fileID: 0}
    - target: {fileID: 772128824347276059, guid: 993262281b2bf724eb5f3f8af89fe2ff,
        type: 3}
      propertyPath: m_LocalPosition.y
      value: 8.462675
      objectReference: {fileID: 0}
    - target: {fileID: 772128824347276059, guid: 993262281b2bf724eb5f3f8af89fe2ff,
        type: 3}
      propertyPath: m_LocalPosition.z
      value: 0
      objectReference: {fileID: 0}
    - target: {fileID: 772128824347276059, guid: 993262281b2bf724eb5f3f8af89fe2ff,
        type: 3}
      propertyPath: m_LocalRotation.x
      value: -0
      objectReference: {fileID: 0}
    - target: {fileID: 772128824347276059, guid: 993262281b2bf724eb5f3f8af89fe2ff,
        type: 3}
      propertyPath: m_LocalRotation.y
      value: -0
      objectReference: {fileID: 0}
    - target: {fileID: 772128824347276059, guid: 993262281b2bf724eb5f3f8af89fe2ff,
        type: 3}
      propertyPath: m_LocalRotation.z
      value: -0
      objectReference: {fileID: 0}
    - target: {fileID: 772128824347276059, guid: 993262281b2bf724eb5f3f8af89fe2ff,
        type: 3}
      propertyPath: m_LocalRotation.w
      value: 1
      objectReference: {fileID: 0}
    - target: {fileID: 772128824347276059, guid: 993262281b2bf724eb5f3f8af89fe2ff,
        type: 3}
      propertyPath: m_RootOrder
      value: 4
      objectReference: {fileID: 0}
    - target: {fileID: 772128824347276059, guid: 993262281b2bf724eb5f3f8af89fe2ff,
        type: 3}
      propertyPath: m_LocalEulerAnglesHint.x
      value: 0
      objectReference: {fileID: 0}
    - target: {fileID: 772128824347276059, guid: 993262281b2bf724eb5f3f8af89fe2ff,
        type: 3}
      propertyPath: m_LocalEulerAnglesHint.y
      value: 0
      objectReference: {fileID: 0}
    - target: {fileID: 772128824347276059, guid: 993262281b2bf724eb5f3f8af89fe2ff,
        type: 3}
      propertyPath: m_LocalEulerAnglesHint.z
      value: 0
      objectReference: {fileID: 0}
    - target: {fileID: 772128824347276061, guid: 993262281b2bf724eb5f3f8af89fe2ff,
        type: 3}
      propertyPath: nau
      value: 
      objectReference: {fileID: 390928862}
    m_RemovedComponents: []
  m_SourcePrefab: {fileID: 100100000, guid: 993262281b2bf724eb5f3f8af89fe2ff, type: 3}
--- !u!1 &1652486633 stripped
GameObject:
  m_CorrespondingSourceObject: {fileID: 8158552555640698635, guid: bda6990285c80f94aa2f5f0355c7ee0e,
    type: 3}
  m_PrefabInstance: {fileID: 1454615927}
  m_PrefabAsset: {fileID: 0}
--- !u!1001 &1659458166
PrefabInstance:
  m_ObjectHideFlags: 0
  serializedVersion: 2
  m_Modification:
    m_TransformParent: {fileID: 0}
    m_Modifications:
    - target: {fileID: 4401873321051271912, guid: 3cf447f4e3a08fe4ba2d2d7c0db1c736,
        type: 3}
      propertyPath: m_Name
      value: spaceship
      objectReference: {fileID: 0}
    - target: {fileID: 4401873321051271916, guid: 3cf447f4e3a08fe4ba2d2d7c0db1c736,
        type: 3}
      propertyPath: m_LocalPosition.x
      value: -8.362156
      objectReference: {fileID: 0}
    - target: {fileID: 4401873321051271916, guid: 3cf447f4e3a08fe4ba2d2d7c0db1c736,
        type: 3}
      propertyPath: m_LocalPosition.y
      value: 6.2318153
      objectReference: {fileID: 0}
    - target: {fileID: 4401873321051271916, guid: 3cf447f4e3a08fe4ba2d2d7c0db1c736,
        type: 3}
      propertyPath: m_LocalPosition.z
      value: 0
      objectReference: {fileID: 0}
    - target: {fileID: 4401873321051271916, guid: 3cf447f4e3a08fe4ba2d2d7c0db1c736,
        type: 3}
      propertyPath: m_LocalRotation.x
      value: 0
      objectReference: {fileID: 0}
    - target: {fileID: 4401873321051271916, guid: 3cf447f4e3a08fe4ba2d2d7c0db1c736,
        type: 3}
      propertyPath: m_LocalRotation.y
      value: 0
      objectReference: {fileID: 0}
    - target: {fileID: 4401873321051271916, guid: 3cf447f4e3a08fe4ba2d2d7c0db1c736,
        type: 3}
      propertyPath: m_LocalRotation.z
      value: 0
      objectReference: {fileID: 0}
    - target: {fileID: 4401873321051271916, guid: 3cf447f4e3a08fe4ba2d2d7c0db1c736,
        type: 3}
      propertyPath: m_LocalRotation.w
      value: 1
      objectReference: {fileID: 0}
    - target: {fileID: 4401873321051271916, guid: 3cf447f4e3a08fe4ba2d2d7c0db1c736,
        type: 3}
      propertyPath: m_RootOrder
      value: 0
      objectReference: {fileID: 0}
    - target: {fileID: 4401873321051271916, guid: 3cf447f4e3a08fe4ba2d2d7c0db1c736,
        type: 3}
      propertyPath: m_LocalEulerAnglesHint.x
      value: 0
      objectReference: {fileID: 0}
    - target: {fileID: 4401873321051271916, guid: 3cf447f4e3a08fe4ba2d2d7c0db1c736,
        type: 3}
      propertyPath: m_LocalEulerAnglesHint.y
      value: 0
      objectReference: {fileID: 0}
    - target: {fileID: 4401873321051271916, guid: 3cf447f4e3a08fe4ba2d2d7c0db1c736,
        type: 3}
      propertyPath: m_LocalEulerAnglesHint.z
      value: 0
      objectReference: {fileID: 0}
    - target: {fileID: 4401873321051271919, guid: 3cf447f4e3a08fe4ba2d2d7c0db1c736,
        type: 3}
      propertyPath: character
      value: 
      objectReference: {fileID: 657426412}
    m_RemovedComponents: []
  m_SourcePrefab: {fileID: 100100000, guid: 3cf447f4e3a08fe4ba2d2d7c0db1c736, type: 3}
--- !u!1001 &1840877963
PrefabInstance:
  m_ObjectHideFlags: 0
  serializedVersion: 2
  m_Modification:
    m_TransformParent: {fileID: 0}
    m_Modifications:
    - target: {fileID: 3786426539851549485, guid: c37c8437c38ef0349995abfd4410acbf,
        type: 3}
      propertyPath: m_Name
      value: enemy (5)
      objectReference: {fileID: 0}
    - target: {fileID: 3786426539851549907, guid: c37c8437c38ef0349995abfd4410acbf,
        type: 3}
      propertyPath: m_LocalPosition.x
      value: 38.45
      objectReference: {fileID: 0}
    - target: {fileID: 3786426539851549907, guid: c37c8437c38ef0349995abfd4410acbf,
        type: 3}
      propertyPath: m_LocalPosition.y
      value: -12.57
      objectReference: {fileID: 0}
    - target: {fileID: 3786426539851549907, guid: c37c8437c38ef0349995abfd4410acbf,
        type: 3}
      propertyPath: m_LocalPosition.z
      value: 0
      objectReference: {fileID: 0}
    - target: {fileID: 3786426539851549907, guid: c37c8437c38ef0349995abfd4410acbf,
        type: 3}
      propertyPath: m_LocalRotation.x
      value: 0
      objectReference: {fileID: 0}
    - target: {fileID: 3786426539851549907, guid: c37c8437c38ef0349995abfd4410acbf,
        type: 3}
      propertyPath: m_LocalRotation.y
      value: 0
      objectReference: {fileID: 0}
    - target: {fileID: 3786426539851549907, guid: c37c8437c38ef0349995abfd4410acbf,
        type: 3}
      propertyPath: m_LocalRotation.z
      value: 0
      objectReference: {fileID: 0}
    - target: {fileID: 3786426539851549907, guid: c37c8437c38ef0349995abfd4410acbf,
        type: 3}
      propertyPath: m_LocalRotation.w
      value: 1
      objectReference: {fileID: 0}
    - target: {fileID: 3786426539851549907, guid: c37c8437c38ef0349995abfd4410acbf,
        type: 3}
      propertyPath: m_RootOrder
      value: 11
      objectReference: {fileID: 0}
    - target: {fileID: 3786426539851549907, guid: c37c8437c38ef0349995abfd4410acbf,
        type: 3}
      propertyPath: m_LocalEulerAnglesHint.x
      value: 0
      objectReference: {fileID: 0}
    - target: {fileID: 3786426539851549907, guid: c37c8437c38ef0349995abfd4410acbf,
        type: 3}
      propertyPath: m_LocalEulerAnglesHint.y
      value: 0
      objectReference: {fileID: 0}
    - target: {fileID: 3786426539851549907, guid: c37c8437c38ef0349995abfd4410acbf,
        type: 3}
      propertyPath: m_LocalEulerAnglesHint.z
      value: 0
      objectReference: {fileID: 0}
    - target: {fileID: 3786426539851549907, guid: c37c8437c38ef0349995abfd4410acbf,
        type: 3}
      propertyPath: m_LocalScale.x
      value: 0.1585645
      objectReference: {fileID: 0}
    - target: {fileID: 3786426539851549907, guid: c37c8437c38ef0349995abfd4410acbf,
        type: 3}
      propertyPath: m_LocalScale.y
      value: 0.17142108
      objectReference: {fileID: 0}
    - target: {fileID: 3786426539851549907, guid: c37c8437c38ef0349995abfd4410acbf,
        type: 3}
      propertyPath: m_LocalScale.z
      value: 0.17142108
      objectReference: {fileID: 0}
    - target: {fileID: 3786426539851549484, guid: c37c8437c38ef0349995abfd4410acbf,
        type: 3}
      propertyPath: m_FlipX
      value: 1
      objectReference: {fileID: 0}
    - target: {fileID: 3786426539851549484, guid: c37c8437c38ef0349995abfd4410acbf,
        type: 3}
      propertyPath: m_Sprite
      value: 
      objectReference: {fileID: 21300000, guid: 48043ebb761d9484bbc1f73ff09467ae,
        type: 3}
    - target: {fileID: 3786426539851549906, guid: c37c8437c38ef0349995abfd4410acbf,
        type: 3}
      propertyPath: m_SpriteTilingProperty.oldSize.x
      value: 9.34
      objectReference: {fileID: 0}
    - target: {fileID: 3786426539851549906, guid: c37c8437c38ef0349995abfd4410acbf,
        type: 3}
      propertyPath: m_SpriteTilingProperty.oldSize.y
      value: 6.41
      objectReference: {fileID: 0}
    - target: {fileID: 3786426539851549904, guid: c37c8437c38ef0349995abfd4410acbf,
        type: 3}
      propertyPath: vida
      value: 
      objectReference: {fileID: 1652486633}
    - target: {fileID: 3786426539851549904, guid: c37c8437c38ef0349995abfd4410acbf,
        type: 3}
      propertyPath: vida1
      value: 
      objectReference: {fileID: 1532321403}
    - target: {fileID: 3786426539851549904, guid: c37c8437c38ef0349995abfd4410acbf,
        type: 3}
      propertyPath: vida2
      value: 
      objectReference: {fileID: 506048480}
    - target: {fileID: 3786426539851549904, guid: c37c8437c38ef0349995abfd4410acbf,
        type: 3}
      propertyPath: x_main
      value: -8.58
      objectReference: {fileID: 0}
    - target: {fileID: 3786426539851549904, guid: c37c8437c38ef0349995abfd4410acbf,
        type: 3}
      propertyPath: y_main
      value: -2.55
      objectReference: {fileID: 0}
    - target: {fileID: 3786426539851549911, guid: c37c8437c38ef0349995abfd4410acbf,
        type: 3}
      propertyPath: m_Controller
      value: 
      objectReference: {fileID: 9100000, guid: b5da3f72c92b1e34a98d9d1611ae9dc3, type: 2}
    m_RemovedComponents: []
  m_SourcePrefab: {fileID: 100100000, guid: c37c8437c38ef0349995abfd4410acbf, type: 3}
--- !u!1001 &1880469021
PrefabInstance:
  m_ObjectHideFlags: 0
  serializedVersion: 2
  m_Modification:
    m_TransformParent: {fileID: 0}
    m_Modifications:
    - target: {fileID: 3786426539851549485, guid: c37c8437c38ef0349995abfd4410acbf,
        type: 3}
      propertyPath: m_Name
      value: enemy (3)
      objectReference: {fileID: 0}
    - target: {fileID: 3786426539851549907, guid: c37c8437c38ef0349995abfd4410acbf,
        type: 3}
      propertyPath: m_LocalPosition.x
      value: 26.04
      objectReference: {fileID: 0}
    - target: {fileID: 3786426539851549907, guid: c37c8437c38ef0349995abfd4410acbf,
        type: 3}
      propertyPath: m_LocalPosition.y
      value: -6.54
      objectReference: {fileID: 0}
    - target: {fileID: 3786426539851549907, guid: c37c8437c38ef0349995abfd4410acbf,
        type: 3}
      propertyPath: m_LocalPosition.z
      value: 0
      objectReference: {fileID: 0}
    - target: {fileID: 3786426539851549907, guid: c37c8437c38ef0349995abfd4410acbf,
        type: 3}
      propertyPath: m_LocalRotation.x
      value: 0
      objectReference: {fileID: 0}
    - target: {fileID: 3786426539851549907, guid: c37c8437c38ef0349995abfd4410acbf,
        type: 3}
      propertyPath: m_LocalRotation.y
      value: 0
      objectReference: {fileID: 0}
    - target: {fileID: 3786426539851549907, guid: c37c8437c38ef0349995abfd4410acbf,
        type: 3}
      propertyPath: m_LocalRotation.z
      value: 0
      objectReference: {fileID: 0}
    - target: {fileID: 3786426539851549907, guid: c37c8437c38ef0349995abfd4410acbf,
        type: 3}
      propertyPath: m_LocalRotation.w
      value: 1
      objectReference: {fileID: 0}
    - target: {fileID: 3786426539851549907, guid: c37c8437c38ef0349995abfd4410acbf,
        type: 3}
      propertyPath: m_RootOrder
      value: 9
      objectReference: {fileID: 0}
    - target: {fileID: 3786426539851549907, guid: c37c8437c38ef0349995abfd4410acbf,
        type: 3}
      propertyPath: m_LocalEulerAnglesHint.x
      value: 0
      objectReference: {fileID: 0}
    - target: {fileID: 3786426539851549907, guid: c37c8437c38ef0349995abfd4410acbf,
        type: 3}
      propertyPath: m_LocalEulerAnglesHint.y
      value: 0
      objectReference: {fileID: 0}
    - target: {fileID: 3786426539851549907, guid: c37c8437c38ef0349995abfd4410acbf,
        type: 3}
      propertyPath: m_LocalEulerAnglesHint.z
      value: 0
      objectReference: {fileID: 0}
    - target: {fileID: 3786426539851549907, guid: c37c8437c38ef0349995abfd4410acbf,
        type: 3}
      propertyPath: m_LocalScale.x
      value: 0.1585645
      objectReference: {fileID: 0}
    - target: {fileID: 3786426539851549907, guid: c37c8437c38ef0349995abfd4410acbf,
        type: 3}
      propertyPath: m_LocalScale.y
      value: 0.17142108
      objectReference: {fileID: 0}
    - target: {fileID: 3786426539851549907, guid: c37c8437c38ef0349995abfd4410acbf,
        type: 3}
      propertyPath: m_LocalScale.z
      value: 0.17142108
      objectReference: {fileID: 0}
    - target: {fileID: 3786426539851549484, guid: c37c8437c38ef0349995abfd4410acbf,
        type: 3}
      propertyPath: m_FlipX
      value: 1
      objectReference: {fileID: 0}
    - target: {fileID: 3786426539851549484, guid: c37c8437c38ef0349995abfd4410acbf,
        type: 3}
      propertyPath: m_Sprite
      value: 
      objectReference: {fileID: 21300000, guid: 48043ebb761d9484bbc1f73ff09467ae,
        type: 3}
    - target: {fileID: 3786426539851549906, guid: c37c8437c38ef0349995abfd4410acbf,
        type: 3}
      propertyPath: m_SpriteTilingProperty.oldSize.x
      value: 9.34
      objectReference: {fileID: 0}
    - target: {fileID: 3786426539851549906, guid: c37c8437c38ef0349995abfd4410acbf,
        type: 3}
      propertyPath: m_SpriteTilingProperty.oldSize.y
      value: 6.41
      objectReference: {fileID: 0}
    - target: {fileID: 3786426539851549904, guid: c37c8437c38ef0349995abfd4410acbf,
        type: 3}
      propertyPath: vida
      value: 
      objectReference: {fileID: 1652486633}
    - target: {fileID: 3786426539851549904, guid: c37c8437c38ef0349995abfd4410acbf,
        type: 3}
      propertyPath: vida1
      value: 
      objectReference: {fileID: 1532321403}
    - target: {fileID: 3786426539851549904, guid: c37c8437c38ef0349995abfd4410acbf,
        type: 3}
      propertyPath: vida2
      value: 
      objectReference: {fileID: 506048480}
    - target: {fileID: 3786426539851549904, guid: c37c8437c38ef0349995abfd4410acbf,
        type: 3}
      propertyPath: x_main
      value: -8.58
      objectReference: {fileID: 0}
    - target: {fileID: 3786426539851549904, guid: c37c8437c38ef0349995abfd4410acbf,
        type: 3}
      propertyPath: y_main
      value: -2.55
      objectReference: {fileID: 0}
    - target: {fileID: 3786426539851549911, guid: c37c8437c38ef0349995abfd4410acbf,
        type: 3}
      propertyPath: m_Controller
      value: 
      objectReference: {fileID: 9100000, guid: b5da3f72c92b1e34a98d9d1611ae9dc3, type: 2}
    m_RemovedComponents: []
  m_SourcePrefab: {fileID: 100100000, guid: c37c8437c38ef0349995abfd4410acbf, type: 3}
